<?xml version="1.0" encoding="UTF-8"?>
  <record xmlns="http://www.loc.gov/MARC21/slim" type="Authority">
    <leader>00000nz  a2200000nc 4500</leader>
    <controlfield tag="001">118597973</controlfield>
    <controlfield tag="003">DE-101</controlfield>
    <controlfield tag="005">20160312144653.0</controlfield>
    <controlfield tag="008">880701n||azznnaabn           | aaa    |c</controlfield>
    <datafield tag="024" ind1="7" ind2=" ">
      <subfield code="a">118597973</subfield>
      <subfield code="0">http://d-nb.info/gnd/118597973</subfield>
      <subfield code="2">gnd</subfield>
    </datafield>
    <datafield tag="035" ind1=" " ind2=" ">
      <subfield code="a">(DE-101)118597973</subfield>
    </datafield>
    <datafield tag="035" ind1=" " ind2=" ">
      <subfield code="a">(DE-588)118597973</subfield>
    </datafield>
    <datafield tag="035" ind1=" " ind2=" ">
      <subfield code="z">(DE-588)18956671X</subfield>
    </datafield>
    <datafield tag="035" ind1=" " ind2=" ">
      <subfield code="z">(DE-588a)18956671X</subfield>
      <subfield code="9">v:zg</subfield>
    </datafield>
    <datafield tag="035" ind1=" " ind2=" ">
      <subfield code="z">(DE-588c)7814870-4</subfield>
      <subfield code="9">v:zg</subfield>
    </datafield>
    <datafield tag="035" ind1=" " ind2=" ">
      <subfield code="z">(DE-588a)118597973</subfield>
      <subfield code="9">v:zg</subfield>
    </datafield>
    <datafield tag="035" ind1=" " ind2=" ">
      <subfield code="z">(DE-588a)119797623</subfield>
    </datafield>
    <datafield tag="035" ind1=" " ind2=" ">
      <subfield code="z">(DE-588c)4048324-1</subfield>
      <subfield code="9">v:zg</subfield>
    </datafield>
    <datafield tag="040" ind1=" " ind2=" ">
      <subfield code="a">DE-101</subfield>
      <subfield code="c">DE-101</subfield>
      <subfield code="9">r:DE-101</subfield>
      <subfield code="b">ger</subfield>
      <subfield code="d">1601</subfield>
    </datafield>
    <datafield tag="042" ind1=" " ind2=" ">
      <subfield code="a">gnd1</subfield>
    </datafield>
    <datafield tag="043" ind1=" " ind2=" ">
      <subfield code="c">XA-AT</subfield>
      <subfield code="c">XA-DE</subfield>
    </datafield>
    <datafield tag="065" ind1=" " ind2=" ">
      <subfield code="a">3.6p</subfield>
      <subfield code="2">sswd</subfield>
    </datafield>
    <datafield tag="065" ind1=" " ind2=" ">
      <subfield code="a">16.5p</subfield>
      <subfield code="2">sswd</subfield>
    </datafield>
    <datafield tag="075" ind1=" " ind2=" ">
      <subfield code="b">p</subfield>
      <subfield code="2">gndgen</subfield>
    </datafield>
    <datafield tag="075" ind1=" " ind2=" ">
      <subfield code="b">piz</subfield>
      <subfield code="2">gndspec</subfield>
    </datafield>
    <datafield tag="079" ind1=" " ind2=" ">
      <subfield code="a">g</subfield>
      <subfield code="q">s</subfield>
      <subfield code="q">f</subfield>
      <subfield code="q">a</subfield>
      <subfield code="q">t</subfield>
      <subfield code="u">w</subfield>
      <subfield code="u">v</subfield>
    </datafield>
    <datafield tag="100" ind1="0" ind2=" ">
      <subfield code="a">Wolf Dietrich</subfield>
      <subfield code="c">Salzburg, Erzbischof</subfield>
      <subfield code="d">1559-1617</subfield>
    </datafield>
    <datafield tag="375" ind1=" " ind2=" ">
      <subfield code="a">1</subfield>
      <subfield code="2">iso5218</subfield>
    </datafield>
    <datafield tag="400" ind1="0" ind2=" ">
      <subfield code="a">Wolfgang Dietrich</subfield>
      <subfield code="c">Salzburg, Erzbischof</subfield>
      <subfield code="d">1559-1617</subfield>
    </datafield>
    <datafield tag="400" ind1="0" ind2=" ">
      <subfield code="a">Wolff Dietrich</subfield>
      <subfield code="c">Salzburg, Erzbischof</subfield>
      <subfield code="d">1559-1617</subfield>
    </datafield>
    <datafield tag="400" ind1="0" ind2=" ">
      <subfield code="a">Wolfdietrich</subfield>
      <subfield code="c">Salzburg, Erzbischof</subfield>
      <subfield code="d">1559-1617</subfield>
    </datafield>
    <datafield tag="400" ind1="1" ind2=" ">
      <subfield code="a">Raitenau, Wolfgang Dietrich &#152;von&#156;</subfield>
      <subfield code="d">1559-1617</subfield>
    </datafield>
    <datafield tag="400" ind1="1" ind2=" ">
      <subfield code="a">Raitenau, Wolfgang D. &#152;von&#156;</subfield>
      <subfield code="d">1559-1617</subfield>
    </datafield>
    <datafield tag="400" ind1="1" ind2=" ">
      <subfield code="a">Raintenau, Wolf Dietrich &#152;von&#156;</subfield>
      <subfield code="d">1559-1617</subfield>
    </datafield>
    <datafield tag="400" ind1="1" ind2=" ">
      <subfield code="a">Raitenau, Wolf D. &#152;von&#156;</subfield>
      <subfield code="d">1559-1617</subfield>
    </datafield>
    <datafield tag="400" ind1="0" ind2=" ">
      <subfield code="a">Wolfgangus Theodoricus</subfield>
      <subfield code="c">Salzburg, Erzbischof</subfield>
      <subfield code="d">1559-1617</subfield>
    </datafield>
    <datafield tag="400" ind1="0" ind2=" ">
      <subfield code="a">Wolfgangus Theodoricus</subfield>
      <subfield code="c">Salisburgum, Archiepiscopus</subfield>
      <subfield code="d">1559-1617</subfield>
    </datafield>
    <datafield tag="400" ind1="1" ind2=" ">
      <subfield code="a">Raittenau, Wolf Dietrich von</subfield>
      <subfield code="d">1559-1617</subfield>
      <subfield code="9">v:(VD-16)</subfield>
    </datafield>
    <datafield tag="400" ind1="1" ind2=" ">
      <subfield code="a">Wolf Dietrich, Erzbischof von Salzburg</subfield>
      <subfield code="d">1559-1617</subfield>
    </datafield>
    <datafield tag="400" ind1="1" ind2=" ">
      <subfield code="a">Wolfgangus Theodoricus, Erzbischof von Salzburg</subfield>
      <subfield code="d">1559-1617</subfield>
    </datafield>
    <datafield tag="400" ind1="0" ind2=" ">
      <subfield code="a">Wolf Dietrich von Raitenau</subfield>
      <subfield code="c">Erzbischof, Stadtplaner, Oesterreich</subfield>
      <subfield code="d">1559-1617</subfield>
    </datafield>
    <datafield tag="400" ind1="0" ind2=" ">
      <subfield code="9">L:fre</subfield>
      <subfield code="a">Wolf Dietrich von Raitenau</subfield>
      <subfield code="c">Archevêque, Urbaniste, Autriche</subfield>
      <subfield code="d">1559-1617</subfield>
      <subfield code="5">CH-GND</subfield>
    </datafield>
    <datafield tag="400" ind1="0" ind2=" ">
      <subfield code="9">L:eng</subfield>
      <subfield code="a">Wolf Dietrich von Raitenau</subfield>
      <subfield code="c">Archbishop, Town planner, Austria</subfield>
      <subfield code="d">1559-1617</subfield>
      <subfield code="5">CH-GND</subfield>
    </datafield>
    <datafield tag="400" ind1="1" ind2=" ">
      <subfield code="a">Von Raitenau, Wolf Dietrich</subfield>
      <subfield code="c">Erzbischof, Stadtplaner, Oesterreich</subfield>
      <subfield code="d">1559-1617</subfield>
    </datafield>
    <datafield tag="400" ind1="1" ind2=" ">
      <subfield code="a">Von Raitenau, Wolf Dietrich</subfield>
      <subfield code="c">Archevêque, Urbaniste, Autriche</subfield>
      <subfield code="d">1559-1617</subfield>
    </datafield>
    <datafield tag="400" ind1="1" ind2=" ">
      <subfield code="a">Von Raitenau, Wolf Dietrich</subfield>
      <subfield code="c">Archbishop, Town planner, Austria</subfield>
      <subfield code="d">1559-1617</subfield>
    </datafield>
    <datafield tag="400" ind1="0" ind2=" ">
      <subfield code="a">Wolf Dietrich</subfield>
      <subfield code="c">Erzbischof, Stadtplaner, Oesterreich</subfield>
      <subfield code="d">1559-1617</subfield>
    </datafield>
    <datafield tag="400" ind1="0" ind2=" ">
      <subfield code="a">Wolf Dietrich</subfield>
      <subfield code="c">Archevêque, Urbaniste, Autriche</subfield>
      <subfield code="d">1559-1617</subfield>
    </datafield>
    <datafield tag="400" ind1="0" ind2=" ">
      <subfield code="a">Wolf Dietrich</subfield>
      <subfield code="c">Archbishop, Town planner, Austria</subfield>
      <subfield code="d">1559-1617</subfield>
    </datafield>
    <datafield tag="400" ind1="1" ind2=" ">
      <subfield code="a">Raitenau, Wolf Dietrich &#152;von&#156;</subfield>
      <subfield code="c">Erzbischof, Stadtplaner, Oesterreich</subfield>
      <subfield code="d">1559-1617</subfield>
    </datafield>
    <datafield tag="400" ind1="1" ind2=" ">
      <subfield code="a">Raitenau, Wolf Dietrich &#152;von&#156;</subfield>
      <subfield code="c">Archevêque, Urbaniste, Autriche</subfield>
      <subfield code="d">1559-1617</subfield>
    </datafield>
    <datafield tag="400" ind1="1" ind2=" ">
      <subfield code="a">Raitenau, Wolf Dietrich &#152;von&#156;</subfield>
      <subfield code="c">Archbishop, Town planner, Austria</subfield>
      <subfield code="d">1559-1617</subfield>
    </datafield>
    <datafield tag="548" ind1=" " ind2=" ">
      <subfield code="a">26.03.1559-16.01.1617</subfield>
      <subfield code="4">datx</subfield>
      <subfield code="4">https://d-nb.info/standards/elementset/gnd#dateOfBirthAndDeath</subfield>
      <subfield code="w">r</subfield>
      <subfield code="i">Exakte Lebensdaten</subfield>
    </datafield>
    <datafield tag="548" ind1=" " ind2=" ">
      <subfield code="a">1559-1617</subfield>
      <subfield code="4">datl</subfield>
      <subfield code="4">https://d-nb.info/standards/elementset/gnd#dateOfBirthAndDeath</subfield>
      <subfield code="w">r</subfield>
      <subfield code="i">Lebensdaten</subfield>
    </datafield>
    <datafield tag="548" ind1=" " ind2=" ">
      <subfield code="a">1593-1599</subfield>
      <subfield code="4">datw</subfield>
      <subfield code="4">https://d-nb.info/standards/elementset/gnd#periodOfActivity</subfield>
      <subfield code="w">r</subfield>
      <subfield code="i">Wirkungsdaten</subfield>
      <subfield code="9">v:Erscheinungsjahre im VD-16</subfield>
    </datafield>
    <datafield tag="550" ind1=" " ind2=" ">
      <subfield code="0">(DE-101)040154718</subfield>
      <subfield code="0">(DE-588)4015471-3</subfield>
      <subfield code="0">https://d-nb.info/gnd/4015471-3</subfield>
      <subfield code="a">Erzbischof</subfield>
      <subfield code="4">berc</subfield>
      <subfield code="4">https://d-nb.info/standards/elementset/gnd#professionOrOccupation</subfield>
      <subfield code="w">r</subfield>
      <subfield code="i">Charakteristischer Beruf</subfield>
    </datafield>
    <datafield tag="550" ind1=" " ind2=" ">
      <subfield code="0">(DE-101)130736449</subfield>
      <subfield code="0">(DE-588)7506698-1</subfield>
      <subfield code="0">https://d-nb.info/gnd/7506698-1</subfield>
      <subfield code="a">Fürsterzbischof</subfield>
      <subfield code="4">beru</subfield>
      <subfield code="4">https://d-nb.info/standards/elementset/gnd#professionOrOccupation</subfield>
      <subfield code="w">r</subfield>
      <subfield code="i">Beruf</subfield>
    </datafield>
    <datafield tag="551" ind1=" " ind2=" ">
      <subfield code="0">(DE-101)041937287</subfield>
      <subfield code="0">(DE-588)4193728-4</subfield>
      <subfield code="0">https://d-nb.info/gnd/4193728-4</subfield>
      <subfield code="a">Schloss Hofen</subfield>
      <subfield code="g">Lochau, Vorarlberg</subfield>
      <subfield code="4">ortg</subfield>
      <subfield code="4">https://d-nb.info/standards/elementset/gnd#placeOfBirth</subfield>
      <subfield code="w">r</subfield>
      <subfield code="i">Geburtsort</subfield>
    </datafield>
    <datafield tag="551" ind1=" " ind2=" ">
      <subfield code="0">(DE-101)040514218</subfield>
      <subfield code="0">(DE-588)4051421-3</subfield>
      <subfield code="0">https://d-nb.info/gnd/4051421-3</subfield>
      <subfield code="a">Hohensalzburg</subfield>
      <subfield code="g">Salzburg</subfield>
      <subfield code="4">orts</subfield>
      <subfield code="4">https://d-nb.info/standards/elementset/gnd#placeOfDeath</subfield>
      <subfield code="w">r</subfield>
      <subfield code="i">Sterbeort</subfield>
    </datafield>
    <datafield tag="667" ind1=" " ind2=" ">
      <subfield code="a">12</subfield>
    </datafield>
    <datafield tag="667" ind1=" " ind2=" ">
      <subfield code="a">VD-17</subfield>
    </datafield>
    <datafield tag="667" ind1=" " ind2=" ">
      <subfield code="a">VD-16</subfield>
    </datafield>
    <datafield tag="670" ind1=" " ind2=" ">
      <subfield code="a">NDB/ADB-online</subfield>
    </datafield>
    <datafield tag="670" ind1=" " ind2=" ">
      <subfield code="a">M</subfield>
    </datafield>
    <datafield tag="670" ind1=" " ind2=" ">
      <subfield code="a">Wiki der Stadt Salzburg</subfield>
      <subfield code="b">Stand: 22.05.2013</subfield>
      <subfield code="u">http://www.salzburg.com/wiki/index.php/Wolf_Dietrich_von_Raitenau</subfield>
    </datafield>
    <datafield tag="672" ind1=" " ind2="0">
      <subfield code="a">Catholische Predig Von der Ehr und Anruffung de*. - 1593</subfield>
    </datafield>
    <datafield tag="672" ind1=" " ind2="0">
      <subfield code="a">Catholische Predig Von der Ehr und Anruffung de*. - 1599</subfield>
    </datafield>
    <datafield tag="672" ind1=" " ind2="0">
      <subfield code="a">Breviarium. 1598. (VD16 B 8198)</subfield>
    </datafield>
    <datafield tag="672" ind1=" " ind2="0">
      <subfield code="a">Raittenau, Wolf Dietrich von: Catholische Predig Von der Ehr vnd Anrueffung der Heyligen Gottes. Deß Hochwürdigisten ... 1599. (VD16 R 182)</subfield>
    </datafield>
    <datafield tag="672" ind1=" " ind2="0">
      <subfield code="a">Raittenau, Wolf Dietrich von: Catholische Predig Von der Ehr vnnd Anrueffung der Heyligen Gottes: Deß Hochwürdigisten ... 1593. (VD16 R 180)</subfield>
    </datafield>
    <datafield tag="672" ind1=" " ind2="0">
      <subfield code="a">Raittenau, Wolf Dietrich von: Catholische Predig Von der Ehr vnnd Anrueffung der Heyligen Gottes Des Hochwürdigisten ... 1593. (VD16 R 181)</subfield>
    </datafield>
    <datafield tag="678" ind1=" " ind2=" ">
      <subfield code="b">Verf.; Bearb. im VD-16</subfield>
    </datafield>
    <datafield tag="913" ind1=" " ind2=" ">
      <subfield code="S">pnd</subfield>
      <subfield code="i">5</subfield>
      <subfield code="a">Wolf Dietrich &lt;Salzburg, Erzbischof&gt;</subfield>
      <subfield code="0">(DE-588a)118597973</subfield>
    </datafield>
    <datafield tag="913" ind1=" " ind2=" ">
      <subfield code="S">pnd</subfield>
      <subfield code="i">5</subfield>
      <subfield code="a">Wolf Dietrich &lt;Salzburg, Fürsterzbischof&gt;</subfield>
      <subfield code="0">(DE-588a)18956671X</subfield>
    </datafield>
  </record>
